@book{qt5_book,
    title = {Qt 5.10. Профессиональное программирование на C++},
    author = {Шлее, М},
    address = {Санкт-Петербург},
    publisher = {БХВ-Петербург},
    year = 2018
}

@book{python3_book,
    title = {Программирование на Python 3. Подробное руководство},
    author = {Саммерфилд, М},
    publisher = {Символ-Плюс},
    year = 2009
}

@misc{qt5_doc,
  title = {Документация Qt5: для версии 5.12.},
  howpublished = {\url{https://doc.qt.io/qt-5/}},
  note = {Дата обращения: 01.11.2018}
}

@misc{python3_doc,
  title = {Документация языка програмирования Python: для версии 3.6.},
  howpublished = {\url{https://docs.python.org/3/}},
  note = {Дата обращения: 10.10.2018}
}

@misc{wiki,
  title = {Википедия — свободная энциклопедия.},
  howpublished = {\url{https://ru.wikipedia.org/}},
  note = {Дата обращения: 01.02.2019}
}
